<?xml version="1.0" encoding="UTF-8"?><collection xmlns="http://www.loc.gov/MARC21/slim"><record><leader>00451nam--2200169-u-4500</leader><controlfield tag="001">000051379</controlfield><controlfield tag="002">20161230</controlfield><controlfield tag="005">20161230201049</controlfield><controlfield tag="008">080708s1000------------r-----000-0-eng-d</controlfield><datafield ind1=" " ind2=" " tag="040"><subfield code="a">IFIN-HH</subfield></datafield><datafield ind1=" " ind2=" " tag="080"><subfield code="a">517</subfield></datafield><datafield ind1="1" ind2=" " tag="100"><subfield code="a">Lukovskii,I.A.(red.)</subfield></datafield><datafield ind1="1" ind2="0" tag="245"><subfield code="a">Chislenno-Analiticheskie Metody Issledovaniya Dinamiki i Ustoichivosti Mnogomernykh Sistem</subfield></datafield><datafield ind1=" " ind2=" " tag="260"><subfield code="a">Kiev</subfield><subfield code="c">1985</subfield></datafield><datafield ind1=" " ind2=" " tag="300"><subfield code="a">171 p</subfield></datafield><datafield ind1=" " ind2=" " tag="852"><subfield code="a">74253</subfield><subfield code="c">517</subfield></datafield><datafield ind1=" " ind2=" " tag="CAT"><subfield code="a">Sys</subfield><subfield code="c">20080708</subfield><subfield code="h">090135</subfield></datafield></record></collection>